@article{batatia2022mace,
  title={MACE: Higher order equivariant message passing neural networks for fast and accurate force fields},
  author={Batatia, Ilyes and Kovacs, David P and Simm, Gregor and Ortner, Christoph and Cs{\'a}nyi, G{\'a}bor},
  journal={Advances in Neural Information Processing Systems},
  volume={35},
  pages={11423--11436},
  year={2022}
}

@article{xu2018powerful,
  title={How powerful are graph neural networks?},
  author={Xu, Keyulu and Hu, Weihua and Leskovec, Jure and Jegelka, Stefanie},
  journal={arXiv preprint arXiv:1810.00826},
  year={2018}
}

@article{joshi2023expressive,
  title={On the expressive power of geometric graph neural networks},
  author={Joshi, Chaitanya K and Bodnar, Cristian and Mathis, Simon V and Cohen, Taco and Li{\`o}, Pietro},
  journal={arXiv preprint arXiv:2301.09308},
  year={2023}
}

@article{drautz2019atomic,
  title={Atomic cluster expansion for accurate and transferable interatomic potentials},
  author={Drautz, Ralf},
  journal={Physical Review B},
  volume={99},
  number={1},
  pages={014104},
  year={2019},
  publisher={APS}
}

@inproceedings{satorras2021n,
  title={E (n) equivariant graph neural networks},
  author={Satorras, V{\i}ctor Garcia and Hoogeboom, Emiel and Welling, Max},
  booktitle={International conference on machine learning},
  pages={9323--9332},
  year={2021},
  organization={PMLR}
}

@article{schutt2017schnet,
  title={Schnet: A continuous-filter convolutional neural network for modeling quantum interactions},
  author={Sch{\"u}tt, Kristof and Kindermans, Pieter-Jan and Sauceda Felix, Huziel Enoc and Chmiela, Stefan and Tkatchenko, Alexandre and M{\"u}ller, Klaus-Robert},
  journal={Advances in neural information processing systems},
  volume={30},
  year={2017}
}

@article{gasteiger2020directional,
  title={Directional message passing for molecular graphs},
  author={Gasteiger, Johannes and Gro{\ss}, Janek and G{\"u}nnemann, Stephan},
  journal={arXiv preprint arXiv:2003.03123},
  year={2020}
}

@article{thomas2018tensor,
  title={Tensor field networks: Rotation-and translation-equivariant neural networks for 3d point clouds},
  author={Thomas, Nathaniel and Smidt, Tess and Kearnes, Steven and Yang, Lusann and Li, Li and Kohlhoff, Kai and Riley, Patrick},
  journal={arXiv preprint arXiv:1802.08219},
  year={2018}
}

@article{batatia2022design,
  title={The design space of e (3)-equivariant atom-centered interatomic potentials},
  author={Batatia, Ilyes and Batzner, Simon and Kov{\'a}cs, D{\'a}vid P{\'e}ter and Musaelian, Albert and Simm, Gregor NC and Drautz, Ralf and Ortner, Christoph and Kozinsky, Boris and Cs{\'a}nyi, G{\'a}bor},
  journal={arXiv preprint arXiv:2205.06643},
  year={2022}
}

@inproceedings{suk2011tensor,
  title={Tensor method for constructing 3D moment invariants},
  author={Suk, Tom{\'a}{\v{s}} and Flusser, Jan},
  booktitle={Computer Analysis of Images and Patterns: 14th International Conference, CAIP 2011, Seville, Spain, August 29-31, 2011, Proceedings, Part II 14},
  pages={212--219},
  year={2011},
  organization={Springer}
}

@article{shapeev2016moment,
  title={Moment tensor potentials: A class of systematically improvable interatomic potentials},
  author={Shapeev, Alexander V},
  journal={Multiscale Modeling \& Simulation},
  volume={14},
  number={3},
  pages={1153--1173},
  year={2016},
  publisher={SIAM}
}

@article{uhrin2021through,
  title={Through the eyes of a descriptor: constructing complete, invertible descriptions of atomic environments},
  author={Uhrin, Martin},
  journal={Physical Review B},
  volume={104},
  number={14},
  pages={144110},
  year={2021},
  publisher={APS}
}

@article{novikov2020mlip,
  title={The MLIP package: moment tensor potentials with MPI and active learning},
  author={Novikov, Ivan S and Gubaev, Konstantin and Podryabinkin, Evgeny V and Shapeev, Alexander V},
  journal={Machine Learning: Science and Technology},
  volume={2},
  number={2},
  pages={025002},
  year={2020},
  publisher={IOP Publishing}
}

@article{karniadakis2021physics,
  title={Physics-informed machine learning},
  author={Karniadakis, George Em and Kevrekidis, Ioannis G and Lu, Lu and Perdikaris, Paris and Wang, Sifan and Yang, Liu},
  journal={Nature Reviews Physics},
  volume={3},
  number={6},
  pages={422--440},
  year={2021},
  publisher={Nature Publishing Group UK London}
}

@article{bartok2013representing,
  title={On representing chemical environments},
  author={Bart{\'o}k, Albert P and Kondor, Risi and Cs{\'a}nyi, G{\'a}bor},
  journal={Physical Review B},
  volume={87},
  number={18},
  pages={184115},
  year={2013},
  publisher={APS}
}

@article{pozdnyakov2022incompleteness,
  title={Incompleteness of graph convolutional neural networks for points clouds in three dimensions},
  author={Pozdnyakov, Sergey N and Ceriotti, Michele},
  journal={arXiv preprint arXiv:2201.07136},
  year={2022}
}

@article{weiler20183d,
  title={3d steerable cnns: Learning rotationally equivariant features in volumetric data},
  author={Weiler, Maurice and Geiger, Mario and Welling, Max and Boomsma, Wouter and Cohen, Taco S},
  journal={Advances in Neural Information Processing Systems},
  volume={31},
  year={2018}
}

@article{corso2020principal,
  title={Principal neighbourhood aggregation for graph nets},
  author={Corso, Gabriele and Cavalleri, Luca and Beaini, Dominique and Li{\`o}, Pietro and Veli{\v{c}}kovi{\'c}, Petar},
  journal={Advances in Neural Information Processing Systems},
  volume={33},
  pages={13260--13271},
  year={2020}
}

@inproceedings{gilmer2017neural,
  title={Neural message passing for quantum chemistry},
  author={Gilmer, Justin and Schoenholz, Samuel S and Riley, Patrick F and Vinyals, Oriol and Dahl, George E},
  booktitle={International conference on machine learning},
  pages={1263--1272},
  year={2017},
  organization={PMLR}
}

@article{Markov_2008,
	doi = {10.1137/050644756},
	url = {https://doi.org/10.1137\%2F050644756},
	year = 2008,
	month = {jan},
	publisher = {Society for Industrial {\&} Applied Mathematics ({SIAM})},
	volume = {38},
	number = {3},
	pages = {963--981},
	author = {Igor L. Markov and Yaoyun Shi},
	title = {Simulating Quantum Computation by Contracting Tensor Networks},
	journal = {SIAM} Journal on Computing
 }


@article{scarselli2008graph,
  title={The graph neural network model},
  author={Scarselli, Franco and Gori, Marco and Tsoi, Ah Chung and Hagenbuchner, Markus and Monfardini, Gabriele},
  journal={IEEE transactions on neural networks},
  volume={20},
  number={1},
  pages={61--80},
  year={2008},
  publisher={IEEE}
}

@article{passaro2023reducing, % explains O(L^6) scaling of TPs
  title={Reducing SO (3) Convolutions to SO (2) for Efficient Equivariant GNNs},
  author={Passaro, Saro and Zitnick, C Lawrence},
  journal={arXiv preprint arXiv:2302.03655},
  year={2023}
}

@article{reisert2009spherical, % this explain data augmentation
  title={Spherical tensor calculus for local adaptive filtering},
  author={Reisert, Marco and Burkhardt, Hans},
  journal={Tensors in Image Processing and Computer Vision},
  pages={153--178},
  year={2009},
  publisher={Springer}
}

@book{goodman2000representations, % this explain SH's as the irreps of SO(3) 
  title={Representations and invariants of the classical groups},
  author={Goodman, Roe and Wallach, Nolan R},
  year={2000},
  publisher={Cambridge University Press}
}

@article{hohenberg1964inhomogeneous, 
  title={Inhomogeneous electron gas},
  author={Hohenberg, Pierre and Kohn, Walter},
  journal={Physical review},
  volume={136},
  number={3B},
  pages={B864},
  year={1964},
  publisher={APS}
}

@article{kohn1965self,
  title={Self-consistent equations including exchange and correlation effects},
  author={Kohn, Walter and Sham, Lu Jeu},
  journal={Physical review},
  volume={140},
  number={4A},
  pages={A1133},
  year={1965},
  publisher={APS}
}

@inproceedings{he2016deep,
  title={Deep residual learning for image recognition},
  author={He, Kaiming and Zhang, Xiangyu and Ren, Shaoqing and Sun, Jian},
  booktitle={Proceedings of the IEEE conference on computer vision and pattern recognition},
  pages={770--778},
  year={2016}
}

@article{kovacs2021linear,
  title={Linear atomic cluster expansion force fields for organic molecules: beyond rmse},
  author={Kov{\'a}cs, D{\'a}vid P{\'e}ter and Oord, Cas van der and Kucera, Jiri and Allen, Alice EA and Cole, Daniel J and Ortner, Christoph and Cs{\'a}nyi, G{\'a}bor},
  journal={Journal of chemical theory and computation},
  volume={17},
  number={12},
  pages={7696--7711},
  year={2021},
  publisher={ACS Publications}
}

@article{liu2021spherical,
  title={Spherical message passing for 3d graph networks},
  author={Liu, Yi and Wang, Limei and Liu, Meng and Zhang, Xuan and Oztekin, Bora and Ji, Shuiwang},
  journal={arXiv preprint arXiv:2102.05013},
  year={2021}
}

@article{gasteiger2021gemnet,
  title={Gemnet: Universal directional graph neural networks for molecules},
  author={Gasteiger, Johannes and Becker, Florian and G{\"u}nnemann, Stephan},
  journal={Advances in Neural Information Processing Systems},
  volume={34},
  pages={6790--6802},
  year={2021}
}

@article{weisstein2002moore,
  title={Moore-Penrose matrix inverse},
  author={Weisstein, Eric W},
  journal={https://mathworld. wolfram. com/},
  year={2002},
  publisher={Wolfram Research, Inc.}
}

@article{dusson2022atomic,
  title={Atomic cluster expansion: Completeness, efficiency and stability},
  author={Dusson, Genevieve and Bachmayr, Markus and Cs{\'a}nyi, G{\'a}bor and Drautz, Ralf and Etter, Simon and van der Oord, Cas and Ortner, Christoph},
  journal={Journal of Computational Physics},
  volume={454},
  pages={110946},
  year={2022},
  publisher={Elsevier}
}

@article{ismael1997curie,
  title={Curie's principle},
  author={Ismael, Jenann},
  journal={Synthese},
  volume={110},
  pages={167--190},
  year={1997},
  publisher={Springer}
}

@article{caro2019optimizing,
  title={Optimizing many-body atomic descriptors for enhanced computational performance of machine learning based interatomic potentials},
  author={Caro, Miguel A},
  journal={Physical Review B},
  volume={100},
  number={2},
  pages={024112},
  year={2019},
  publisher={APS}
}

@article{behler2011atom,
  title={Atom-centered symmetry functions for constructing high-dimensional neural network potentials},
  author={Behler, J{\"o}rg},
  journal={The Journal of chemical physics},
  volume={134},
  number={7},
  pages={074106},
  year={2011},
  publisher={American Institute of Physics}
}

@inproceedings{suk2011tensor,
  title={Tensor method for constructing 3D moment invariants},
  author={Suk, Tom{\'a}{\v{s}} and Flusser, Jan},
  booktitle={Computer Analysis of Images and Patterns: 14th International Conference, CAIP 2011, Seville, Spain, August 29-31, 2011, Proceedings, Part II 14},
  pages={212--219},
  year={2011},
  organization={Springer}
}

@book{flusser2009moments,
  title={Moments and moment invariants in pattern recognition},
  author={Flusser, Jan and Zitova, Barbara and Suk, Tomas},
  year={2009},
  publisher={John Wiley \& Sons}
}

@inproceedings{schutt2021equivariant,
  title={Equivariant message passing for the prediction of tensorial properties and molecular spectra},
  author={Sch{\"u}tt, Kristof and Unke, Oliver and Gastegger, Michael},
  booktitle={International Conference on Machine Learning},
  pages={9377--9388},
  year={2021},
  organization={PMLR}
}

@article{xu2018powerful,
  title={How powerful are graph neural networks?},
  author={Xu, Keyulu and Hu, Weihua and Leskovec, Jure and Jegelka, Stefanie},
  journal={arXiv preprint arXiv:1810.00826},
  year={2018}
}

@article{weisfeiler1968reduction,
  title={The reduction of a graph to canonical form and the algebra which appears therein},
  author={Weisfeiler, Boris and Leman, Andrei},
  journal={nti, Series},
  volume={2},
  number={9},
  pages={12--16},
  year={1968}
}

@article{Bronstein2020,
  author = {Bronstein, Michael},
  title = {HOW POWERFUL ARE GRAPH NEURAL NETWORKS? Expressive power of graph neural networks and the Weisfeiler-Lehman test},
  journal = {Towards Data Science},
  year = {2020},
  month = {June},
  day = {26},
  url = {https://towardsdatascience.com/expressive-power-of-graph-neural-networks-and-the-weisefeiler-lehman-test-b883db3c7c49},
  note = {Accessed: May 10, 2023}
}

@inproceedings{morris2019weisfeiler,
  title={Weisfeiler and leman go neural: Higher-order graph neural networks},
  author={Morris, Christopher and Ritzert, Martin and Fey, Matthias and Hamilton, William L and Lenssen, Jan Eric and Rattan, Gaurav and Grohe, Martin},
  booktitle={Proceedings of the AAAI conference on artificial intelligence},
  volume={33},
  number={01},
  pages={4602--4609},
  year={2019}
}

@article{read1977graph,
  title={The graph isomorphism disease},
  author={Read, Ronald C and Corneil, Derek G},
  journal={Journal of graph theory},
  volume={1},
  number={4},
  pages={339--363},
  year={1977},
  publisher={Wiley Online Library}
}

@inproceedings{bodnar2021weisfeiler1,
  title={Weisfeiler and lehman go topological: Message passing simplicial networks},
  author={Bodnar, Cristian and Frasca, Fabrizio and Wang, Yuguang and Otter, Nina and Montufar, Guido F and Lio, Pietro and Bronstein, Michael},
  booktitle={International Conference on Machine Learning},
  pages={1026--1037},
  year={2021},
  organization={PMLR}
}

@article{bodnar2021weisfeiler2,
  title={Weisfeiler and lehman go cellular: Cw networks},
  author={Bodnar, Cristian and Frasca, Fabrizio and Otter, Nina and Wang, Yuguang and Lio, Pietro and Montufar, Guido F and Bronstein, Michael},
  journal={Advances in Neural Information Processing Systems},
  volume={34},
  pages={2625--2640},
  year={2021}
}

@inproceedings{finkelshtein2022simple,
  title={A simple and universal rotation equivariant point-cloud network},
  author={Finkelshtein, Ben and Baskin, Chaim and Maron, Haggai and Dym, Nadav},
  booktitle={Topological, Algebraic and Geometric Learning Workshops 2022},
  pages={107--115},
  year={2022},
  organization={PMLR}
}

@article{scholkopf2000kernel,
  title={The kernel trick for distances},
  author={Sch{\"o}lkopf, Bernhard},
  journal={Advances in neural information processing systems},
  volume={13},
  year={2000}
}

@article{kingma2014adam,
  title={Adam: A method for stochastic optimization},
  author={Kingma, Diederik P and Ba, Jimmy},
  journal={arXiv preprint arXiv:1412.6980},
  year={2014}
}

@article{velivckovic2022message,
  title={Message passing all the way up},
  author={Veli{\v{c}}kovi{\'c}, Petar},
  journal={arXiv preprint arXiv:2202.11097},
  year={2022}
}

@article{anderson2019cormorant,
  title={Cormorant: Covariant molecular neural networks},
  author={Anderson, Brandon and Hy, Truong Son and Kondor, Risi},
  journal={Advances in neural information processing systems},
  volume={32},
  year={2019}
}

@misc{chemHope2023,
    author = "{Hope College Department of Chemistry}",
    title = "{WebMO Help: Adjust Tool}",
    year = "2023",
    url = "http://www.chem.hope.edu/~polik/doc/webmohelp16/AdjustTool.html",
    note = "[Online; accessed 15-May-2023]"
}

@misc{Smidt2021,
    author = "Tess Smidt",
    title = "Tutorial 1: Euclidean Symmetry in Machine Learning for Materials Science",
    year = "2021",
    howpublished = "Online"
}
